@article{garcia2018survey,
  title={A survey on deep learning techniques for image and video semantic segmentation},
  author={Garcia-Garcia, Alberto and Orts-Escolano, Sergio and Oprea, Sergiu and Villena-Martinez, Victor and Martinez-Gonzalez, Pablo and Garcia-Rodriguez, Jose},
  journal={Applied Soft Computing},
  volume={70},
  pages={41--65},
  year={2018},
  publisher={Elsevier}
}

@inproceedings{lin2014microsoft,
  title={Microsoft coco: Common objects in context},
  author={Lin, Tsung-Yi and Maire, Michael and Belongie, Serge and Hays, James and Perona, Pietro and Ramanan, Deva and Doll{\'a}r, Piotr and Zitnick, C Lawrence},
  booktitle={European conference on computer vision},
  pages={740--755},
  year={2014},
  organization={Springer}
}

@online{CNN,
  author = {Shashikant},
  title = {Convolutional Neural Network: A Step By Step Guide},
  year = 2019,
  url = {https://towardsdatascience.com/convolutional-neural-network-a-step-by-step-guide-a8b4c88d6943},
  urldate = {2020-05-20}
}

@online{IoU,
  author = {Adrian Rosebrock},
  title = {Intersection over Union (IoU) for object detection},
  year = 2016,
  url = {https://www.pyimagesearch.com/2016/11/07/intersection-over-union-iou-for-object-detection/},
  urldate = {2020-05-20}
}

@online{dnn,
  author = {Ahmed Besbes},
  title = {Understanding Deep Convolutional Neural Networks with a practical use-case in Tensorflow and Keras},
  year = 2017,
  url = {https://www.kdnuggets.com/2017/11/understanding-deep-convolutional-neural-networks-tensorflow-keras.htm},
  urldate = {2020-06-01}
}

@online{ioucalc,
  author = {Ekin Tiu},
  title = {Metrics to Evaluate your Semantic Segmentation Model},
  year = 2019,
  url = {https://towardsdatascience.com/metrics-to-evaluate-your-semantic-segmentation-model-6bcb99639aa2},
  urldate = {2020-06-01}
}
